
@article{holcomb_fueling_2015,
	title = {Fueling {Vehicles} with {CNG}},
	language = {en},
	author = {Holcomb, Thomas and Dodinval, Claire and Behm, Nick},
	month = dec,
	year = {2015},
	pages = {9},
	file = {Holcomb et al. - Fueling Vehicles with CNG.pdf:/home/roberto/Zotero/storage/QXXWQDCC/Holcomb et al. - Fueling Vehicles with CNG.pdf:application/pdf}
}