
@misc{harstein_arthur_hydrogen_2003,
	title = {Hydrogen {Production} from {Natural} {Gas}},
	url = {https://www1.eere.energy.gov/hydrogenandfuelcells/pdfs/hartstein_fe_natural_gas.pdf},
	language = {en},
	author = {Harstein Arthur},
	month = jun,
	year = {2003},
	file = {Harstein Arthur - 2003 - Hydrogen Production from Natural Gas.pdf:/home/roberto/Zotero/storage/FCVXJ7B2/Harstein Arthur - 2003 - Hydrogen Production from Natural Gas.pdf:application/pdf}
}